@book{kuncheva2004combining,
  title={Combining pattern classifiers: methods and algorithms},
  author={Kuncheva, Ludmila I},
  year={2004},
  publisher={John Wiley \& Sons}
}

@Misc{voice_recognize_history,  
howpublished = { \url{https://en.wikipedia.org/wiki/Speech_recognition#History}},   
author = {Wikipedia},
title = {Speech Recognition}
}  

@Misc{iFLYTEK,  
howpublished = { \url{http://www.xfyun.cn/}},   
author = {iFLYTEK},
title = {iFLYTEK Open Platform}
}  

@Misc{kaggle,  
howpublished = { \url{https://www.kaggle.com/primaryobjects/voicegender}},
author = {Kaggle},
title = {Gender Recognition of Voice}
}  


@Misc{key1,  
howpublished = { \url{http://timmurphy.org/2009/07/22/line-spacing-in-latex-documents/}},  
note = {Accessed April 4, 2010},  
title = {Line Spacing in LaTeX documents},  
author = {Murphy, Timothy I}  
}  
